@book{Applying_Patterns, 
      author = "Craig Larman",
      title = "Applying UML and Patterns",
      publisher = "John Wait",
      year = "2004"
}

@book{DesignPGoF, 
      author = "Erich Gamma, Richard Helm, Ralph Johnson, John Vlissides",
      title = "Design Patterns: Elements of Reusable Object-Oriented Software",
      publisher = "Addision-Wesley",
      year = "1994"
}

@misc{website:MAPIPweb,
      author = "Olaf Zimmermann, Marko Stocker, Uwe Zdun, Daniel LÃ¼bke, Cesare Pautasso",
      title = "Microservice API Patterns",
      month = "July",
      year = "2019",
      url = "https://microservice-api-patterns.org/"
}

@misc{website:JolieAboutPage,
      author = "Fabrizio Montesi, Claudio Guidi, Saverio Giallorenzo",
      title = "Jolie Language",
      month = "July",
      year = "2019",
      url = "https://www.jolie-lang.org/about_jolie.html"
}

@misc{website:SLA,
      author = "Sonia Pearson",
      title = "Service Level Agreement",
      accessdate = "2019-07-04",
      url = "https://tallyfy.com/service-level-agreement-sla/"
}

@misc{website:QoS,
      author = "Various",
      title = "Quality of Service",
      accessdate = "2019-07-04",
      url = "https://en.wikipedia.org/wiki/Quality_of_service"
}

@misc{website:LocalLoc,
      author = "Saverio Giallorenzo",
      title = "Jolie Local Location",
      accessdate = "2019-07-04",
      url = "https://jolielang.gitbook.io/docs/locations/local"
}

@misc{website:Courier,
      author = "Saverio Giallorenzo",
      title = "Jolie Local Location",
      accessdate = "2019-07-04",
      url = "https://jolielang.gitbook.io/docs/architectural-composition/couriers"
}



